2160 2697
310 555 625 613 Gommentatio
661 556 714 612 de
740 555 966 612 comnibus
998 555 1095 612 libr.
1130 556 1185 610 lv
1221 559 1266 611 et
1301 556 1337 610 V
1371 557 1617 615 orationum
1637 557 1928 620 veninat-un.

913 655 1064 690 Scripsit
1087 654 1117 682 C.
1140 656 1174 683 A.
1196 654 1338 683 Jordan.

980 737 1215 773 Pal-ucula
1234 740 1270 774 1.

311 819 441 870 Omnia
457 837 536 869 artis
557 836 684 868 criticae
704 837 738 867 in
756 836 879 877 scriptis
906 842 1047 867 veterum
1074 843 1159 868 recte
1186 837 1386 868 exercendae
1410 835 1643 869 bimae-m
1670 844 1719 869 est
1747 844 1865 870 certam
1892 849 1934 870 ae

310 902 425 925 verum.
439 893 479 924 de
497 892 643 924 004·OE-
660 893 846 923 auetoritatc
865 893 1021 922 iudicium.
1063 892 1165 927 Quam
1185 894 1220 923 in
1237 894 1307 923 rem«
1325 903 1397 925 cum
1416 894 1556 934 prior-t
1577 893 1776 926 saecularum
1795 895 1935 927 odit-res

309 958 421 988 patu
440 947 608 989 diligentem
627 948 850 988 inquisiverunt,
869 953 982 979 nostra
1000 941 1153 979 memoria
1170 949 1309 979 virorum
1329 948 1496 979 doctam-i
1514 959 1592 981 eura
1611 955 1646 981 et>
1664 950 1826 988 industria,
1848 951 1932 991 quod

309 1010 411 1038 anm.
423 1005 680 1046 praetermissum
700 1010 772 1036 erat
789 1009 821 1036 et
837 1003 1038 1046 neglectum,
1069 1003 1245 1045 suppletum
1265 1010 1315 1036 est
1334 1011 1367 1036 et
1385 1006 1650 1045 reconcinnatum.
1691 1006 1794 1047 Atque
1813 1007 1847 1038 in
1861 1017 1932 1038 ora-

310 1062 450 1094 aaa&
465 1061 592 1102 quide-
613 1060 757 1119 vam*
775 1071 848 1092 cum
866 1062 992 1101 priores
1011 1061 1149 1092 editores
1165 1070 1229 1095 mn
1249 1061 1404 1094 haberent
1422 1062 1498 1093 certi
1519 1062 1703 1103 quidquam,
1719 1063 1803 1103 quod
1813 1062 1844 1093 in
1858 1072 1930 1094 cor»

309 1122 400 1151 tom
425 1117 644 1152 musitando
678 1123 905 1159 sequeremur,
932 1118 991 1149 sed
1008 1119 1088 1149 inter
1107 1117 1274 1148 melioru-
1298 1123 1331 1149 en
1345 1118 1534 1150 deterionn
1553 1117 1697 1149 officum
1715 1120 1931 1150 auctorit-tem

311 1175 419 1206 incerti
436 1173 681 1205 fluctuarentur:
701 1173 860 1215 Zumptius
881 1175 999 1214 primus
1020 1179 1137 1205 rectam
1157 1175 1241 1206 viam
1260 1162 1424 1215 ingressus
1444 1174 1476 1205 in
1489 1175 1649 1215 prooemio
1670 1175 1812 1206 editionis
1831 1176 1932 1207 brevi-

310 1238 360 1262 ter
378 1231 525 1272 quidem,
553 1231 610 1262 sed
632 1236 723 1262 caute
743 1236 774 1261 et
794 1231 964 1271 prudenter
992 1230 1032 1261 de
1051 1231 1193 1262 codicum
1214 1231 1346 1272 origine,
1368 1231 1567 1272 cognatione,
1588 1232 1773 1263 auctoritate
1794 1232 1933 1272 disputa-

307 1288 363 1318 vit.
407 1287 490 1318 Hinc
510 1286 627 1318 factum
648 1293 713 1324 est,
741 1293 777 1317 ut
798 1292 961 1318 contextus
989 1287 1209 1325 Veri-inarum,
1242 1297 1280 1318 eo
1309 1296 1410 1329 usque
1437 1286 1541 1318 multis
1570 1289 1690 1319 mendis
1716 1294 1810 1329 atque
1836 1289 1931 1320 inter-

311 1343 520 1384 polationibus
539 1342 630 1375 foede
646 1343 834 1384 inquinatus,
855 1343 1073 1385 longepuior
1087 1349 1118 1375 et
1131 1344 1325 1376 emendatior
1337 1344 1468 1385 Zumptii
1485 1345 1588 1376 studio
1609 1350 1640 1376 et
1660 1354 1758 1385 opera
1776 1345 1808 1376 in
1828 1344 1930 1377 lucem

312 1401 457 1440 prodiret.
506 1400 571 1431 Sed
591 1406 624 1430 ut
644 1400 712 1431 fieri
732 1399 814 1431 solet
833 1401 865 1431 in
885 1406 949 1431 tam
976 1400 1081 1440 amplo
1108 1407 1139 1431 et
1166 1399 1280 1431 difficili
1307 1410 1420 1441 opere,
1448 1402 1610 1432 restabant
1629 1400 1727 1432 multa
1753 1401 1931 1442 diligentius

312 1458 404 1487 etiam
423 1457 634 1497 perquirenda
654 1455 893 1497 elegantiusque
911 1456 1130 1497 perpolienda3
1150 1466 1214 1497 qua
1233 1457 1263 1487 in
1284 1466 1320 1487 re
1340 1457 1451 1487 eximia
1470 1457 1620 1488 industria
1640 1467 1680 1488 ac
1700 1457 1840 1489 doctrina
1867 1456 1929 1488 ela-

311 1515 462 1546 borarunt
479 1512 660 1553 Madvigius
680 1518 712 1543 et
732 1511 882 1544 Orellius.
924 1512 1066 1553 Namque
1086 1512 1236 1553 Orelli-us,
1257 1513 1309 1553 qui
1329 1512 1408 1543 duas
1427 1511 1612 1545 collationes
1632 1514 1749 1545 codicis
1769 1520 1932 1554 praestan-

309 1571 419 1601 tissimi
445 1569 633 1601 Parisiensis
659 1578 709 1599 nr.
734 1570 816 1600 7774
843 1570 884 1600 ab
908 1568 1071 1600 Hanharto
1099 1575 1130 1600 et
1156 1568 1223 1599 Jac.
1250 1567 1410 1604 Eschero,
1437 1574 1469 1600 et
1496 1569 1614 1601 codicis
1641 1569 1804 1601 Leidensis
1830 1569 1931 1601 colla-

310 1627 425 1658 tionem
460 1635 481 1656 a
508 1624 611 1656 Bakio
645 1626 838 1665 accepisset,
869 1624 980 1656 librum
1007 1624 1051 1655 lV
1079 1630 1109 1655 et
1135 1624 1165 1654 V
1192 1635 1276 1656 nova
1303 1635 1381 1656 cura
1415 1625 1613 1656 emendatum
1649 1627 1780 1657 seorsim
1816 1626 1932 1659 edidit;

311 1682 490 1724 Madvigius
510 1682 618 1713 varias
635 1682 809 1721 scripturas
830 1681 947 1712 codicis
968 1681 1073 1721 optimi
1094 1679 1302 1713 bibliothecae
1322 1681 1430 1722 regiae
1450 1680 1551 1712 Paris.
1571 1682 1602 1712 in
1618 1681 1760 1712 editionis
1782 1681 1933 1713 Brutinae

310 1742 453 1780 margine
473 1738 649 1778 adscriptas
670 1748 740 1768 cum
761 1739 792 1768 in
813 1737 1000 1769 bibliotheca
1019 1737 1187 1768 Havniensi
1208 1739 1397 1774 invenisset,
1419 1737 1581 1777 epistolam
1602 1739 1740 1769 criticam
1760 1738 1800 1768 de
1817 1738 1929 1768 oratio·

311 1804 385 1825 num
405 1793 610 1824 Verrinamm
631 1792 718 1823 libris
738 1793 765 1823 ll
781 1794 927 1824 extremis
947 1793 1149 1824 emendandis
1171 1794 1210 1824 ad
1232 1792 1384 1825 Orellium
1403 1794 1497 1831 misit,
1518 1803 1580 1835 qua
1600 1803 1721 1825 summo
1742 1803 1804 1834 quo
1826 1792 1930 1824 cxcel—

310 1850 353 1882 let
370 1851 489 1892 ingenii
510 1850 654 1882 acumine
675 1851 847 1892 eximiaque
863 1850 1005 1882 dictionis
1025 1849 1188 1882 Tullianae
1208 1851 1319 1892 peritia
1338 1851 1517 1882 innumeros
1537 1849 1627 1882 locos
1648 1856 1736 1882 recte
1757 1851 1928 1886 constituin

311 1913 423 1948 postea
444 1908 692 1938 dissertationem
713 1908 849 1938 criticam
869 1908 909 1938 de
931 1907 1011 1939 locis
1038 1907 1158 1948 aliquot
1177 1907 1382 1938 Verrinarum
1402 1907 1497 1938 edidit
1517 1906 1647 1947 (Opusc.
1668 1906 1680 1937 l
1696 1917 1727 1946 p.
1747 1908 1815 1937 ³28.
1835 1908 1928 1948 sqq.)‚

311 1975 375 2005 qua
402 1965 433 1995 in
461 1963 603 1995 codicum
630 1965 780 2005 imprimis
809 1963 1124 2006 Guelferbytanorum
1147 1964 1362 1996 auctoritatem
1387 1963 1567 1995 accuratius
1593 1963 1757 2004 inquisivit.
1798 1962 1929 1994 Multum

310 2026 478 2061 praeterea
497 2021 539 2051 ad
556 2021 771 2051 emendandas
798 2020 858 2050 has
886 2022 1045 2052 orationes
1073 2020 1204 2051 contulit
1223 2019 1402 2060 Madvigius
1422 2021 1452 2050 in
1475 2020 1682 2058 disputatione
1703 2020 1808 2050 critica
1829 2019 1868 2050 dc
1890 2020 1929 2054 Q.

310 2077 440 2108 Asconii
462 2076 594 2107 Pediani
614 2076 853 2106 commentariis,
895 2075 1039 2106 Klotzius
1054 2076 1093 2106 de
1108 2076 1249 2107 codicum
1264 2076 1449 2107 auctoritate
1463 2074 1539 2105 nihil
1551 2075 1727 2115 disputavit,
1740 2085 1930 2116 quamquam

311 2135 384 2175 quid
398 2135 438 2165 de
452 2134 489 2164 iis
510 2134 656 2170 senserit,
678 2143 717 2164 ex
738 2138 902 2163 contextus
923 2132 1178 2170 conformatione,
1200 2143 1293 2173 quam
1313 2133 1486 2172 proposuit,
1507 2132 1584 2162 satis
1600 2137 1739 2172 apparet.
1771 2131 1840 2162 Jam
1854 2141 1929 2162 vero

309 2196 477 2231 paraturus
497 2196 566 2221 erat
585 2188 722 2221 Orellius
749 2189 781 2220 in
800 2188 901 2220 altera
920 2198 1049 2229 operum
1069 2187 1282 2219 Tullianorum
1304 2189 1437 2219 editione
1456 2197 1569 2218 novam
1590 2187 1762 2218 orationum
1783 2186 1931 2219 Verrina-

309 2258 378 2279 rum
398 2247 625 2283 recensionem,
646 2257 717 2278 cum
737 2250 938 2286 praematura
957 2245 1110 2285 nobisque
1129 2245 1248 2276 acerba
1270 2250 1370 2276 morte
1389 2245 1537 2284 abreptus
1567 2248 1623 2274 est.
1669 2243 1747 2275 Post
1772 2245 1838 2275 eius
1865 2246 1930 2276 obi-

310 2310 373 2335 tum
392 2303 537 2335 Baiterus
564 2303 647 2335 hanc
675 2312 790 2334 novam
810 2302 1018 2333 Veri-inarum
1041 2302 1254 2332 recensionem
1282 2301 1372 2331 nobis
1393 2299 1545 2330 benevole
1566 2300 1718 2331 commisit
1740 2306 1770 2331 et
1791 2300 1930 2332 collatio—
