2160 2697
994 203 1040 236 11

210 311 268 335 nes
289 302 406 335 codicis
431 303 512 344 regii
533 302 717 334 parisiensis
741 309 775 335 et
801 303 964 336 Leidenn's
993 312 1035 335 ex
1057 304 1158 344 copiis
1179 301 1346 334 Orelliauis
1365 302 1407 334 ad
1426 311 1487 334 uos
1504 302 1598 334 affit-
1641 301 1732 338 Qua·
1752 311 1826 334 αι

211 359 375 401 diligenter
394 364 672 400 pertrectaremus,
704 365 777 399 post
796 369 931 392 messem
951 362 992 392 ab
1012 360 1082 391 aliis
1100 359 1217 392 factam
1230 360 1341 400 spicas
1358 365 1464 390 tanum
1484 358 1606 400 αἱμα
1626 368 1700 391 ene
1715 358 1826 400 ⁴legeu-

210 417 269 448 das
289 415 548 458 intelligebamus,
567 424 650 456 quas
670 416 793 456 quidem
812 415 874 448 bac
890 417 1155 449 nominenumine
1174 415 1322 458 colligere
1341 417 1443 448 visun
1463 423 1521 447 est.

330 472 379 503 Ac
399 474 530 513 primum
547 470 673 512 quidem
693 479 817 504 constat
844 480 875 504 et
900 473 1097 514 exploratum
1129 479 1178 505 est
1196 474 1333 504 omniun
1354 473 1513 509 codicum,
1542 472 1655 513 quibus
1682 473 1743 504 duo
1770 482 1825 504 ex·

211 529 301 559 tremi
320 527 390 560 libri
409 528 614 559 Veri-inarum
635 529 847 567 continentur,
878 531 1179 570 praestantissimum
1199 538 1271 561 esse
1290 529 1412 570 oegin
1429 538 1479 559 ur.
1496 528 1589 559 ’πη
1643 527 1709 559 Sed
1728 529 1767 560 de
1786 540 1825 561 ea

211 595 246 616 re
265 586 445 627 ambigitur,
475 590 576 616 utrum
596 576 723 616 collatio
744 585 930 618 Havnieusis
957 596 997 617 ex
1023 586 1077 618 illo
1102 586 1231 624 codice,
1258 594 1303 617 an
1323 595 1367 616 ex
1391 583 1459 616 alie
1484 583 1655 616 Parisieusi
1674 583 1758 617 sacta
1777 587 1825 618 sit.

211 641 334 673 Etenim
354 641 514 682 Zumptius
534 644 581 682 (p.
605 639 713 679 xxm
731 647 766 672 et
783 641 822 673 N.
841 641 879 672 B.
901 641 1090 683 Krarupius‚
1117 644 1170 684 qui
1190 643 1308 674 codicis
1329 642 1408 682 regii
1427 640 1626 672 collationem
1645 651 1717 673 cum
1737 642 1825 673 Mad—

213 699 296 739 vigio
317 696 786 735 communie-via-eountionen
795 697 947 730 Eavn-ex
967 708 1006 731 eo
1026 708 1098 731 esse
1114 696 1330 740 depromptam
1350 697 1498 738 suspicati
1516 702 1599 735 suut,
1618 706 1724 740 neque
1738 696 1826 730 Orel-

213 756 274 786 lius
294 756 335 787 de
357 766 396 787 ea
414 766 450 787 re
470 754 635 792 dubitavit;
653 754 832 797 Madvigius
854 762 969 794 autem,
989 757 1041 797 qiu
1061 756 1177 796 (Epist.
1195 757 1264 787 crit.
1282 767 1314 796 p.
1331 756 1385 788 12)
1403 754 1602 786 collationem
1616 753 1826 788 Eavnieusem

213 817 244 843 et
261 811 472 843 Graevianam
492 821 532 843 ex
551 820 616 843 uuo
635 810 808 853 eodemque
827 811 937 843 codice
956 812 1045 853 regio
1059 810 1175 843 factam
1191 821 1263 844 esse
1283 816 1447 849 statuerat,
1464 816 1576 852 postea
1596 810 1673 852 (Op.
1689 811 1747 852 lp.
1757 814 1827 844 8⁵5.

213 870 294 909 seq.)
315 868 526 901 flavniensem
545 878 609 900 non
629 878 669 899 ex
689 869 781 910 regio
800 879 848 900 ur.
867 870 958 907 ms,
979 868 1038 900 seul
1058 879 1098 900 ex
1116 868 1181 901 alio
1202 869 1312 900 codiee
1330 869 1469 899 eiusdem
1494 867 1632 899 hiliae
1652 875 1729 899 me
1756 880 1827 910 pro—

213 923 327 955 fectam
347 926 485 962 censuit,
514 924 575 955 hos
595 922 676 954 duos
694 929 803 955 tumen
823 925 950 956 codices
969 934 1010 955 ex
1028 934 1093 955 uuo
1109 925 1258 963 proximo
1282 933 1355 955 esse
1372 924 1548 960 derivatos,
1578 932 1642 954 uon
1661 924 1769 956 solum
1788 935 1829 956 ex

214 981 368 1012 communi
387 979 474 1012 fonte
494 978 666 1012 distantiori
681 988 745 1012 neu
764 989 822 1021 per
840 980 1090 1012 successionem.-
1130 981 1234 1021 Atque
1261 981 1293 1011 in
1320 979 1404 1011 banc
1422 979 1548 1021 quidem
1567 981 1755 1013 sententiam
1774 982 1828 1013 de-

213 1037 327 1068 ductus
347 1042 395 1067 est
415 1035 582 1068 collatione
602 1036 720 1068 codic'n
738 1037 817 1078 regii
835 1046 857 1082 ᾳ
875 1035 1032 1077 Krartpio
1051 1024 1200 1077 accepta,
1219 1047 1312 1077 quam
1326 1037 1443 1067 utinam
1462 1042 1570 1073 totam
1590 1035 1642 1067 vel
1661 1043 1748 1068 eet-te
1766 1048 1830 1070 ma-

214 1093 280 1124 iore
301 1103 340 1124 ex
360 1099 460 1134 parte,
482 1103 576 1135 quam
595 1091 713 1124 factum
733 1098 792 1130 est,
812 1092 1014 1134 publicasset,
1035 1098 1069 1123 ut
1088 1093 1203 1124 certius
1220 1092 1262 1123 de
1281 1092 1426 1132 Krarupii
1443 1091 1611 1133 diligentia,
1630 1102 1728 1134 quan
1747 1088 1829 1126 nim-

215 1160 299 1181 mam
318 1155 406 1189 putat
425 1149 612 1192 Madvigius,
627 1149 767 1181 iudicare
786 1148 902 1181 liceret.
942 1149 1009 1191 Nos
1029 1149 1154 1190 quidem
1168 1148 1242 1180 huic
1255 1148 1434 1190 diligentiae
1447 1150 1512 1180 iure'
1529 1148 1669 1181 diffidere
1689 1151 1831 1184 videmur

215 1217 256 1237 ex
276 1207 324 1244 iis,
344 1216 426 1248 quae
449 1207 482 1237 in
502 1204 655 1238 Baalim-ti
674 1212 708 1237 et
722 1204 858 1237 noha-t
876 1204 1003 1237 schedis
1024 1216 1042 1237 e
1063 1206 1172 1237 codice
1198 1206 1287 1247 regio
1307 1210 1456 1246 excerpta
1474 1205 1643 1243 habemns,
1665 1217 1746 1247 quae
1766 1208 1832 1249 qui—

215 1263 287 1294 dem
308 1272 361 1294 res
381 1263 611 1299 minutissimas,
631 1261 755 1299 menda,
775 1263 942 1295 vet-borum
962 1268 1053 1293 notas
1073 1263 1307 1302 scripturaeque
1326 1263 1511 1302 compendia
1531 1269 1563 1292 et
1583 1272 1665 1303 quae
1677 1269 1750 1295 sunt
1764 1265 1832 1296 eius

216 1321 344 1361 generis
363 1318 435 1356 alia,
457 1319 691 1351 accuratissime
709 1325 836 1362 enotata
856 1320 1031 1357 continent,
1060 1319 1104 1349 ita
1131 1325 1164 1349 ut
1190 1318 1263 1359 quid
1290 1320 1322 1349 in
1350 1317 1403 1349 illo
1423 1318 1533 1350 eodiee
1551 1318 1676 1361 legatur
1693 1321 1746 1351 vix
1766 1320 1832 1353 ullo

217 1376 289 1408 loeo
310 1376 436 1409 dubium
456 1385 528 1407 esse
549 1376 658 1416 possit.
695 1375 908 1407 Fundamenta
926 1381 1033 1406 auten
1050 1384 1129 1406 suae
1148 1375 1303 1415 opinionis
1322 1374 1501 1416 Madvigius
1519 1375 1603 1408 haee
1622 1375 1729 1414 hamt,
1748 1379 1833 1417 quod

219 1432 392 1473 Krarupius
410 1431 560 1464 nonnulla
579 1432 713 1468 notavit,
741 1440 824 1472 quae
841 1430 874 1462 in
896 1430 996 1462 Havn.
1019 1429 1187 1465 collatione
1212 1440 1276 1461 non
1303 1435 1394 1468 sunu
1421 1438 1486 1462 uun
1506 1432 1592 1473 quod
1611 1432 1643 1462 in
1662 1431 1834 1464 flav-tensi

217 1498 341 1530 quoque
362 1486 515 1520 nonnulla
532 1493 621 1524 sunt,
651 1497 733 1528 quae
759 1487 844 1528 apud
861 1486 1049 1528 Krarupium
1077 1497 1140 1518 non
1160 1493 1250 1524 sunu
1289 1487 1424 1528 denique
1443 1488 1529 1528 quod
1549 1486 1669 1529 aliquot
1688 1488 1768 1520 locis
1788 1490 1831 1521 di·

217 1554 331 1577 versae
350 1550 475 1576 notatae
493 1549 567 1575 sunt
586 1550 618 1575 et
636 1544 829 1585 perscriptae
846 1543 985 1575 eiusdem
1004 1542 1066 1574 loci
1084 1543 1251 1574 lectiones:
1270 1552 1352 1583 quae
1371 1543 1497 1584 quidem
1515 1542 1720 1576 fundamenta
1738 1545 1832 1576 facile

218 1610 314 1642 posse
331 1600 464 1632 subduci
482 1600 624 1631 arbitror.
664 1600 747 1632 Nam
767 1600 871 1632 omnia.
889 1600 949 1631 ista
968 1597 1105 1630 similiter
1120 1598 1303 1630 acciderunt
1321 1599 1354 1629 in
1374 1595 1527 1630 Hanharti
1546 1605 1578 1631 et
1587 1599 1719 1632 Escheri
1733 1600 1830 1633 colla-

219 1657 364 1694 tionibus,
385 1665 464 1698 quas
484 1651 718 1698 diligentissime
738 1665 810 1687 esse
825 1654 926 1687 factas
945 1664 1048 1692 nemo,
1068 1655 1120 1697 qui
1140 1663 1196 1686 eas
1212 1664 1307 1686 mauu
1326 1655 1516 1693 tractaverit,
1535 1655 1680 1697 negabit3
1697 1666 1790 1698 quas,
1803 1659 1831 1689 si

220 1714 370 1754 Madvigii
390 1713 526 1743 rationes
552 1714 641 1753 sequi
666 1712 787 1749 liberet,
815 1722 878 1743 non
904 1722 944 1742 ex
971 1712 1081 1743 eodem
1108 1711 1217 1742 codice
1244 1720 1316 1742 esse
1345 1709 1504 1750 profectas
1529 1712 1686 1744 coniicere
1712 1712 1830 1745 liceret.

221 1769 301 1800 Tum
318 1778 395 1799 vero
415 1767 591 1809 Madvigius
611 1768 643 1798 in
664 1777 703 1799 eo
723 1768 854 1805 erravit,
882 1767 965 1808 quod
986 1759 1180 1798 collationem
1200 1766 1411 1797 Havniensem
1429 1776 1553 1798 summa
1572 1777 1643 1799 cum
1662 1778 1741 1800 eura
1760 1778 1832 1800 esse

220 1826 389 1857 institutam
409 1824 553 1865 opinatus
573 1830 638 1862 est3
668 1834 742 1856 nam
760 1824 802 1857 ab
822 1834 978 1866 anonymo
999 1822 1071 1861 illo,
1092 1824 1143 1865 qui
1164 1822 1294 1855 contulit
1316 1823 1474 1861 codicem,
1495 1823 1593 1856 multa
1613 1835 1686 1857 cum
1701 1825 1832 1864 leviora,

221 1889 286 1914 tum
306 1882 453 1923 graviora
473 1890 545 1912 esse
565 1881 682 1912 omissa
701 1882 810 1913 mirum
824 1881 922 1912 videri
942 1881 980 1911 iis
999 1890 1063 1911 non
1082 1885 1193 1921 potest,
1214 1880 1268 1921 qui
1290 1889 1372 1920 quae
1391 1878 1484 1914 fuerit
1502 1879 1585 1912 illius
1603 1883 1714 1913 aetatis
1733 1884 1765 1913 in
1782 1893 1833 1915 co-

222 1939 344 1971 dicibus
365 1935 560 1969 conferendis
580 1937 725 1969 socordia
743 1930 949 1969 recordantur
968 1932 1019 1975 (cf.
1039 1936 1144 1968 Madv.
1164 1946 1194 1977 p.
1216 1936 1299 1974 12.);
1314 1945 1502 1981 quamquam
1517 1947 1692 1980 anonymus
1707 1938 1760 1971 ille
1775 1950 1833 1980 pro

223 1996 271 2027 sui
290 1995 360 2026 aevi
379 1993 570 2035 negligentia
589 2003 656 2024 rem
676 1995 753 2025 satis
772 1993 939 2034 diligenter
957 1993 1189 2024 administravit.
1237 1991 1321 2023 Nihil
1345 1992 1439 2032 igitur
1460 1994 1538 2024 certi
1559 1994 1632 2024 inde
1652 1994 1758 2036 colligi
1777 2006 1834 2035 po-

223 2056 293 2088 test,
314 2049 397 2091 quod
416 2048 589 2090 Krarupius
610 2047 760 2080 nonnulla
779 2048 981 2088 (Hanhartus
1001 2055 1033 2080 et
1052 2048 1213 2080 Escberus
1233 2047 1427 2089 permultal)
1446 2049 1564 2080 notavit
1590 2058 1609 2080 e
1637 2050 1707 2081 cod.
1735 2052 1832 2092 regio,

224 2117 305 2147 quae
323 2108 355 2137 in
375 2104 541 2137 collatione
560 2104 663 2137 Havn.
682 2115 745 2136 non
767 2102 849 2137 sunt.
891 2105 984 2140 Quod
1004 2111 1169 2146 praeterea
1187 2107 1220 2137 iu
1240 2104 1406 2137 collatione
1424 2102 1525 2136 Havu.
1549 2105 1697 2138 nonnulla
1716 2113 1834 2145 extant,

224 2172 306 2203 quae
325 2161 498 2202 Krampius
517 2171 580 2192 non
598 2161 727 2198 notavit,
748 2165 780 2192 et
798 2161 881 2201 quod
901 2160 1021 2202 aliquot
1039 2161 1120 2193 locis
1141 2162 1284 2193 diversae
1302 2161 1493 2201 perscriptae
1513 2166 1586 2192 sunt
1604 2150 1771 2200 lectiones,
1792 2173 1833 2194 ne

223 2218 305 2251 baec
331 2219 456 2260 quidem
480 2218 522 2250 ad
543 2217 791 2259 persuadendum
820 2223 893 2248 sunt
919 2222 1003 2258 apta.
1050 2217 1165 2253 Quidni
1192 2218 1275 2249 enim
1293 2217 1360 2247 veri
1380 2215 1480 2247 simile
1502 2218 1679 2257 putabimus
1699 2217 1833 2251 alterum

225 2281 348 2311 utrum,
375 2276 442 2305 sive
460 2274 648 2315 anonymum
667 2274 733 2304 sive
753 2272 958 2313 Krarupium,
985 2282 1094 2304 errore
1119 2275 1187 2305 sive
1207 2272 1369 2304 oculorum
1390 2272 1459 2303 sive
1473 2273 1586 2304 mentis
1606 2283 1645 2305 ac
1663 2276 1835 2307 metuet-iae

223 2331 258 2361 in
276 2330 520 2362 transcribendis
539 2330 711 2370 scripturae
731 2328 958 2361 diversitatibus
973 2327 1096 2369 lapsum
1115 2328 1208 2360 esse?
1229 2327 1312 2369 quod
1332 2337 1427 2368 quam
1446 2326 1539 2360 facile
1558 2329 1705 2362 accida-e
1723 2332 1835 2371 possit,

1363 2383 1395 2408 2·
